<record><leader>00000cas a22000007a 4500</leader><controlfield tag="001">8804365</controlfield><controlfield tag="008">820924d188619uugauwr ne      0    0eng  </controlfield><datafield ind1=" " ind2=" " tag="010"><subfield code="a">sn 82015106 </subfield></datafield><datafield ind1=" " ind2=" " tag="040"><subfield code="a">DLC</subfield><subfield code="b">eng</subfield><subfield code="c">DLC</subfield><subfield code="d">NPV</subfield><subfield code="d">DLC</subfield><subfield code="d">NLG</subfield><subfield code="d">MFN</subfield><subfield code="d">GUA</subfield><subfield code="d">OCLCQ</subfield></datafield><datafield ind1=" " ind2=" " tag="042"><subfield code="a">msc</subfield></datafield><datafield ind1=" " ind2=" " tag="043"><subfield code="a">n-us-ga</subfield></datafield><datafield ind1=" " ind2=" " tag="045"><subfield code="a">w8x-</subfield></datafield><datafield ind1="0" ind2="0" tag="050"><subfield code="a">Newspaper 7488-X</subfield></datafield><datafield ind1="0" ind2="0" tag="245"><subfield code="a">Tallapoosa journal.</subfield></datafield><datafield ind1=" " ind2=" " tag="260"><subfield code="a">Tallapoosa, Ga. :</subfield><subfield code="b">Hall &amp; Matthews,</subfield><subfield code="c">[1886]-</subfield></datafield><datafield ind1=" " ind2=" " tag="300"><subfield code="a">v.</subfield></datafield><datafield ind1=" " ind2=" " tag="310"><subfield code="a">Weekly</subfield></datafield><datafield ind1="1" ind2=" " tag="362"><subfield code="a">Began with Jan. 1, 1886 issue.</subfield></datafield><datafield ind1=" " ind2=" " tag="525"><subfield code="a">Feb. 20, 1890 issued accompanied by supplement.</subfield></datafield><datafield ind1=" " ind2=" " tag="530"><subfield code="a">Also issued on microfilm from the State Historical Society of Wisconsin.</subfield></datafield><datafield ind1=" " ind2=" " tag="530"><subfield code="a">Also on microfilm: Athens, Ga. : University of Georgia Libraries.</subfield></datafield><datafield ind1=" " ind2=" " tag="580"><subfield code="a">Merged with: Tallapoosa beacon, to form: Tallapoosa journal-beacon.</subfield></datafield><datafield ind1=" " ind2=" " tag="588"><subfield code="a">Description based on: Vol. 4, no. 12 (Feb. 20, 1890).</subfield></datafield><datafield ind1=" " ind2=" " tag="752"><subfield code="a">United States</subfield><subfield code="b">Georgia</subfield><subfield code="c">Haralson</subfield><subfield code="d">Tallapoosa.</subfield></datafield><datafield ind1="1" ind2="7" tag="785"><subfield code="t">Tallapoosa beacon</subfield><subfield code="w">(DLC)sn 88054053</subfield><subfield code="w">(OCoLC)21941820</subfield></datafield><datafield ind1="1" ind2="7" tag="785"><subfield code="t">Tallapoosa journal-beacon</subfield><subfield code="w">(DLC)sn 88054054</subfield><subfield code="w">(OCoLC)21942002</subfield></datafield><datafield ind1="1" ind2=" " tag="029"><subfield code="a">AU@</subfield><subfield code="b">000025827464</subfield></datafield></record>